@Manual{R-base,
  title = {R: A Language and Environment for Statistical Computing},
  author = {{R Core Team}},
  organization = {R Foundation for Statistical Computing},
  address = {Vienna, Austria},
  year = {2022},
  url = {https://www.R-project.org/},
}
@Manual{R-studio,
  title = {RStudio: Integrated Development Environment for R},
  author = {{RStudio Team}},
  organization = {RStudio, PBC.},
  address = {Boston, MA},
  year = {2020},
  url = {http://www.rstudio.com/},
  }
@Manual{R-papaja,
  title = {{papaja}: {Prepare} reproducible {APA} journal articles with {R Markdown}},
  author = {Frederik Aust and Marius Barth},
  year = {2022},
  note = {R package version 0.1.0.9999},
  url = {https://github.com/crsh/papaja},
}
@Manual{R-tinylabels,
  title = {{tinylabels}: Lightweight Variable Labels},
  author = {Marius Barth},
  year = {2022},
  note = {R package version 0.2.3},
  url = {https://cran.r-project.org/package=tinylabels},
}
@Manual{R-citr,
  title = {citr: 'RStudio' Add-in to Insert Markdown Citations},
  author = {Frederik Aust},
  year = {2019},
  note = {R package version 0.3.2},
  url = {https://github.com/crsh/citr},
}
@Article{R-tinytex,
  title = {TinyTeX: A lightweight, cross-platform, and easy-to-maintain LaTeX distribution based on TeX Live},
  author = {Yihui Xie},
  journal = {TUGboat},
  year = {2019},
  volumne = {40},
  number = {1},
  pages = {30--32},
  url = {https://tug.org/TUGboat/Contents/contents40-1.html},
}
@Manual{R-here,
  title = {here: A Simpler Way to Find Your Files},
  author = {Kirill MÃ¼ller},
  year = {2020},
  note = {R package version 1.0.1},
  url = {https://CRAN.R-project.org/package=here},
}
